@book{Kanamori,
    author    	= "Kanamori, Akihiro",
    year      	= "2009",
    edition	= "Second",
    title     	= "The Higher Infinite",
    publisher 	= "Springer-Verlag",
}

@book{Kechris,
    author    	= "Kechris, Alexander S.",
    year      	= "1995",
    title     	= "Classical Descriptive Set Theory",
    publisher 	= "Springer-Verlag",
}

@article{BlDet,
    author  	= "Martin, Donald A.",
    title	= "The determinacy of Blackwell games",
    journal   	= "The Journal of Symbolic Logic",
    year	= "1998",
    volume	= "63",
    number      = "4",
    pages	= "1565--1581",
}

@article{vonNeumann,
    author  	= "von Neumann, John",
    title	= "Zur Theorie der Gesellschaftsspiele",
    journal   	= "Mathemathische Annalen",
    year	= "1928",
    volume	= "100",
    pages	= "295--320",
}

@article{Zermelo,
    author  	= "Zermelo, Ernst",
    title	= "Über eine Anwendung der Mengenlehre auf die Theorie des Schachspiels",
    journal   	= "Proceedings of the Fifth International Congress of Mathematicians",
    year	= "1913",
    volume	= "2",
    pages	= "501--504",
}

@article{AD,
    author  	= "Mycielski, Jan and Hugo Steinhaus",
    title	= "A mathematical axiom contradicting the axiom of choice",
    journal   	= "Bulletin de l'Académie Polonaise des Sciences, Série des Sciences Mathématiques, Astronomiques et Physiques",
    year	= "1962",
    volume	= "10",
    pages	= "778--781",
}
